@article{xia2014two,
  title={Two-dimensional material nanophotonics},
  author={Xia, Fengnian and Wang, Han and Xiao, Di and Dubey, Madan and Ramasubramaniam, Ashwin},
  journal={Nature photonics},
  volume={8},
  number={12},
  pages={899--907},
  year={2014},
  publisher={Nature Publishing Group UK London}
}

@article{chaudhuri2009consequences,
  title={Consequences of value in retail markets},
  author={Chaudhuri, Arjun and Ligas, Mark},
  journal={Journal of retailing},
  volume={85},
  number={3},
  pages={406--419},
  year={2009},
  publisher={Elsevier}
}
@incollection{hotelling1992relations,
  title={Relations between two sets of variates},
  author={Hotelling, Harold},
  booktitle={Breakthroughs in statistics: methodology and distribution},
  pages={162--190},
  year={1992},
  publisher={Springer}
}

@article{bach2005probabilistic,
  title={A probabilistic interpretation of canonical correlation analysis},
  author={Bach, Francis R and Jordan, Michael I},
  year={2005},
  publisher={Technical Report 688, Department of Statistics, University of California~â€¦}
}

@article{dinh2014nice,
  title={Nice: Non-linear independent components estimation},
  author={Dinh, Laurent and Krueger, David and Bengio, Yoshua},
  journal={arXiv preprint arXiv:1410.8516},
  year={2014}
}

@article{karami2020advances,
  title={Advances in Probabilistic Generative Models: Normalizing Flows, Multi-View Learning, and Linear Dynamical Systems},
  author={Karami, Mahdi},
  year={2020}
}