@misc{varenik2022,
  author = {Varenik Natalia},
  title = {Construction of a connectivity map of functional groups in the task of decoding brain signals},
  howpublished = "\url{http://www.machinelearning.ru/wiki/images/b/b2/Varenik2022master_thesis.pdf}",
  year = {2022}, 
  note = "[Online; accessed 20-October-2023]"
}

@article{hammond2011wavelets,
  title={Wavelets on graphs via spectral graph theory},
  author={Hammond, David K and Vandergheynst, Pierre and Gribonval, R{\'e}mi},
  journal={Applied and Computational Harmonic Analysis},
  volume={30},
  number={2},
  pages={129--150},
  year={2011},
  publisher={Elsevier}
}

@article{xu2019graph,
  title={Graph wavelet neural network},
  author={Xu, Bingbing and Shen, Huawei and Cao, Qi and Qiu, Yunqi and Cheng, Xueqi},
  journal={arXiv preprint arXiv:1904.07785},
  year={2019}
}

@article{yang2021longitudinal,
  title={Longitudinal predictive modeling of tau progression along the structural connectome},
  author={Yang, Fan and Chowdhury, Samadrita Roy and Jacobs, Heidi IL and Sepulcre, Jorge and Wedeen, Van J and Johnson, Keith A and Dutta, Joyita},
  journal={Neuroimage},
  volume={237},
  pages={118126},
  year={2021},
  publisher={Elsevier}
}