@article{jeong2023deep,
	title={Deep efficient continuous manifold learning for time series modeling},
	author={Jeong, Seungwoo and Ko, Wonjun and Mulyadi, Ahmad Wisnu and Suk, Heung-Il},
	journal={IEEE Transactions on Pattern Analysis and Machine Intelligence},
	year={2023},
	publisher={IEEE}
}

@article{papaioannou2022time,
	title={Time-series forecasting using manifold learning, radial basis function interpolation, and geometric harmonics},
	author={Papaioannou, Panagiotis G and Talmon, Ronen and Kevrekidis, Ioannis G and Siettos, Constantinos},
	journal={Chaos: An Interdisciplinary Journal of Nonlinear Science},
	volume={32},
	number={8},
	year={2022},
	publisher={AIP Publishing}
}

@inproceedings{alimisis2020continuous,
	title={A continuous-time perspective for modeling acceleration in Riemannian optimization},
	author={Alimisis, Foivos and Orvieto, Antonio and B{\'e}cigneul, Gary and Lucchi, Aurelien},
	booktitle={International Conference on Artificial Intelligence and Statistics},
	pages={1297--1307},
	year={2020},
	organization={PMLR}
}

@article{lou2020neural,
	title={Neural manifold ordinary differential equations},
	author={Lou, Aaron and Lim, Derek and Katsman, Isay and Huang, Leo and Jiang, Qingxuan and Lim, Ser Nam and De Sa, Christopher M},
	journal={Advances in Neural Information Processing Systems},
	volume={33},
	pages={17548--17558},
	year={2020}
}

@article{mathieu2020riemannian,
	title={Riemannian continuous normalizing flows},
	author={Mathieu, Emile and Nickel, Maximilian},
	journal={Advances in Neural Information Processing Systems},
	volume={33},
	pages={2503--2515},
	year={2020}
}

@article{huang2022riemannian,
	title={Riemannian diffusion models},
	author={Huang, Chin-Wei and Aghajohari, Milad and Bose, Joey and Panangaden, Prakash and Courville, Aaron C},
	journal={Advances in Neural Information Processing Systems},
	volume={35},
	pages={2750--2761},
	year={2022}
}

@article{katsman2024riemannian,
	title={Riemannian residual neural networks},
	author={Katsman, Isay and Chen, Eric and Holalkere, Sidhanth and Asch, Anna and Lou, Aaron and Lim, Ser Nam and De Sa, Christopher M},
	journal={Advances in Neural Information Processing Systems},
	volume={36},
	year={2024}
}
